@Book{Hartley2004,
    author = "Hartley, R.~I. and Zisserman, A.",
    title = "Multiple View Geometry in Computer Vision",
    year = "2004",
    publisher = "Cambridge University Press, ISBN: 0521540518",
    key = "10"
}

@Book{Bosilj2010,
	author = "Bosilj, P.",
	title = "Optimizacija implementacije projekcijskog ravninskog preslikavanja",
	year = "2010",
	key = "20"
}

@Misc{vecParallel,
        type = {Text},
        title = {Parallel Vectors -- from Wolfram {MathWorld}},
        copyright = {Copyright 1999-2013 Wolfram Research, Inc.  See http://mathworld.wolfram.com/about/terms.html for a full terms of use statement.},
        url = {http://mathworld.wolfram.com/ParallelVectors.html},
        language = {en},
        urldate = {2013-07-02},
        author = {Weisstein, Eric W.},
        note = {Two vectors u and v are parallel if their cross product is zero, i.e., uxv=0.},
        keywords = {15, {15A72}, {Mathematics:Algebra:Vector} Algebra},
}

@Misc{_bilinear_2013,
        title = {Bilinear interpolation},
        copyright = {Creative Commons Attribution-{ShareAlike} License},
        url = {https://en.wikipedia.org/w/index.php?title=Bilinear_interpolation&oldid=555895667},
        abstract = {In mathematics, bilinear interpolation is an extension of linear interpolation for interpolating functions of two variables (e.g., and ) on a regular {2D} grid. The interpolated function should not use the term of or , but .},
        language = {en},
        urldate = {2013-07-02},
        journal = {Wikipedia, the free encyclopedia},
        month = may,
        year = {2013},
        note = {Page Version {ID:} 555895667},
        key="Wikipedia, The Free Encyclopedia"
}

@Misc{_interpolation_2013,
        title = {Interpolation},
        copyright = {Creative Commons Attribution-{ShareAlike} License},
        url = {https://en.wikipedia.org/w/index.php?title=Interpolation&oldid=560095367},
        abstract = {In the mathematical field of numerical analysis, interpolation is a method of constructing new data points within the range of a discrete set of known data points.},
        language = {en},
        urldate = {2013-07-02},
        journal = {Wikipedia, the free encyclopedia},
        month = jun,
        year = {2013},
        note = {Page Version {ID:} 560095367},
         key="Wikipedia, The Free Encyclopedia"
}

@Misc{_linear_2013,
        title = {Linear interpolation},
        copyright = {Creative Commons Attribution-{ShareAlike} License},
        url = {https://en.wikipedia.org/w/index.php?title=Linear_interpolation&oldid=554302102},
        abstract = {Linear interpolation is a method of curve fitting using linear polynomials. Lerp is an abbreviation for linear interpolation, which can also be used as a verb.[1]},
        language = {en},
        urldate = {2013-07-02},
        journal = {Wikipedia, the free encyclopedia},
        month = may,
        year = {2013},
        note = {Page Version {ID:} 554302102},
         key="Wikipedia, The Free Encyclopedia"
}

@Book{segvicDinAn3D,
	author = {Zoran Kalafatić i Siniša Šegvić},
	title = {Dinamička analiza 3D scena: geometrijski aspekti računarskog vida},
}

@Misc{PIL,
	key = {pil},
	title = {Python Imaging Library (PIL)},
	url = "http://www.pythonware.com/products/pil/",
	year = {2013}
}

@Article{Hunter:2007,
  Author    = {Hunter, J. D.},
  Title     = {Matplotlib: A 2D graphics environment},
  Journal   = {Computing In Science \& Engineering},
  Volume    = {9},
  Number    = {3},
  Pages     = {90--95},
  abstract  = {Matplotlib is a 2D graphics package used for Python
  for application development, interactive scripting, and
  publication-quality image generation across user
  interfaces and operating systems.},
  publisher = {IEEE COMPUTER SOC},
  year      = 2007
}

@Misc{Python,
	url = "http://www.python.org/"
}

@Misc{NumPy,
	url = "http://docs.scipy.org/doc/numpy/user/whatisnumpy.html"
}

@Misc{OpenCV,
	url = "http://opencv.org/about.html"
}